@Article{AlderWainwright57,
  author = 	 {B. J. Alder and T. E. Wainwright},
  title = 	 {Phase transitions for a Hard Sphere System},
  journal = 	 {J. Chem. Phys},
  year = 	 {1957},
  volume = 	 {27},
  pages = 	 {1208},
}

@Article{AlderWainwright59,
  author = 	 {B. J. Alder and T. E. Wainwright},
  title = 	 {Studies in Molecular Dynamics. I. General Method},
  journal = 	 {J. Chem. Phys},
  year = 	 {1959},
  volume = 	 {31},
  pages = 	 {459},
}




@Book{Allen,
  author = 	 {M. P. Allen and D. J. Tildesley},
  title = 	 {Computer Simulation of Liquids},
  publisher = 	 {Clarendon},
  year = 	 {1987},
  address = 	 {Oxford},
}

@Article{Benzi1,
  author = 	 {R. Benzi and G. Parisi and A. Sutera and A. Vulpiani},
  title = 	 {Stochastic resonance in climatic change},
  journal = 	 {Tellus},
  year = 	 {1982},
  volume = 	 {34},
  pages = 	 {10-16},
  }

@Article{Benzi2,
  author = 	 {R. Benzi and A. Sutera and A. Vulpiani},
  title = 	 {The mechanism of stochastic resonance},
  journal = 	 {J. Phys. A},
  year = 	 {1981},
  volume = 	 {14},
  pages = 	 {L453--L457},
 }




@Book{BinderHeermann,
  ALTauthor = 	 {K. Binder and D. W. Heermann},
  ALTeditor = 	 {},
  title = 	 {Monte Carlo Simulation in Statistical Physics. 
                  An Introduction},
  publisher = 	 {Springer},
  year = 	 {1988},
  address = 	 {Berlin},
}

@Article{BinderRepProg,
  author = 	 {K. Binder},
  title = 	 {Applications of Monte carlo methods to statistical physics},
  journal = 	 {Rep. Prog. Phys.},
  year = 	 {1997},
  volume = 	 {60},
  pages = 	 {487--559},
}



@Article{SGBrush,
  author = 	 {S. G. Brush},
  title = 	 {History of the Lenz--Ising model},
  journal = 	 {Rev. Mod. Phys.},
  year = 	 {1967},
  volume = 	 {39},
  pages = 	 {883},
}

@InProceedings{Evans,
  author = 	 {D. J. Evans},
  title = 	 {xxxxx},
  booktitle = 	 {Molecular Dynamics Simulation in Statistical 
                  Mechanical Systems},
  year = 	 {1987},
  editor = 	 {G. Ciccotti and D. Frenkel and I. R. McDonald},
  series = 	 {Proc. of Intern. School of Physics "Enrico Fermi"},
  publisher = {North Holland},
}



@Article{EvansNEMD,
  author = 	 {Denis J. Evans and G. P. Morriss},
  title = 	 {Non--Newtonian Molecular Dynamics},
  journal = 	 {Computer Physics Reports},
  year = 	 {1984},
  volume = 	 {1},
  pages = 	 {297--343},
}




@Article{FlyvbjergPetersen,
  author = 	 {H. Flyvbjerg and H. G. Petersen},
  title = 	 {??????????????????},
  journal = 	 {J. Chem. Phys.},
  year = 	 {1989},
  volume = 	 {91},
  pages = 	 {461},
}



@InProceedings{Flyvbjerg,
  author = 	 {H.Flyvbjerg},
  title = 	 {Error Estimates on Averages of Correlated Data},
  booktitle = 	 {Advances in Computer Simulation},
  pages = 	 {88},
  year = 	 {1998},
  editor = 	 {J\'anos Kert\'esz and Imre Kondor},
  volume = 	 {LNP 501},
  series = 	 {Lecture Notes in Physics},
  address = 	 {Berlin},
  publisher = {Springer},
}

@Article{Haenggi:Kramers,
  author = 	 {P. H\"anggi and P. Talkner and M. Borkocev},
  title = 	 {Reaction--rate theory: fifty years after Kramers},
  journal = 	 {Rev. Mod. Phys.},
  year = 	 {1990},
  volume = 	 {62},
  pages = 	 {251--341},
}




@Article{Ising,
  author = 	 {E. Ising},
  title = 	 {Beitrag zur Theorie des Ferromagnetismus},
  journal = 	 {Z. Physik},
  year = 	 {1925},
  volume = 	 {31},
  pages = 	 {253},
}

@Book{Kalos,
  author = 	 {Malvin H. Kalos and Paula A. Whitlock},
  title = 	 {Monte Carlo Methods},
  publisher = 	 {John Wiley \& Sons},
  year = 	 {1986},
  volume = 	 {Volume I: Basics},
  address = 	 {New York},
}



@Article{Kasteleyn,
  author = 	 {P. W. Kasteleyn and C. M. Fortuin},
  title = 	 {?????},
  journal = 	 {J. Phys. Soc. Japan},
  year = 	 {1969},
  volume = 	 {26 (Suppl.)},
  pages = 	 {11},
}



@Article{Fortuin,
  author = 	 { C. M. Fortuin and P. W. Kasteleyn},
  title = 	 {??????},
  journal = 	 {Physica},
  year = 	 {1972},
  volume = 	 {57},
  pages = 	 {536},
}

@Article{Jung,
  author = 	 {P. Jung},
  title = 	 {Periodically driven stochastic systems},
  journal = 	 {Phys. rep. },
  year = 	 {1993},
  volume = 	 {234},
  pages = 	 {175--295},
}



@Article{Gammaitoni,
  author = 	 {Luca Gammaitoni and Peter H\"anggi and Peter Jung and
                  Fabio Marchesoni},
  title = 	 {Stochastic Resonance},
  journal = 	 {Rev. Mod. Phys.},
  year = 	 {1998},
  volume = 	 {70},
  pages = 	 {223--287},
  }




@Book{GouldSpornickTobochnik,
  author = 	 {Harvey Gould and Lynna Gould Spornick 
                   and Jan Tobochnik},
  title = 	 {Thermal and Statistical Physics Simulations},
  publisher = 	 {John Wiley \& Sons},
  year = 	 {1995},
  series = 	 {The Consortium for Upper--Level Physics Software},
  address = 	 {New York},
 }

@Book{Gear,
  author = 	 {C. W. Gear},
  title = 	 {Numerical Initial Value Problems in Ordinary 
                   Differential Equations},
  publisher = 	 {Prentice Hall},
  year = 	 {1971},
  address = 	 {Englewood Cliffs, NJ},
}

@Article{McNamara,
  author = 	 {Bruce McNamara and Kurt Wiesenfeld},
  title = 	 {Theory of stochastic Resonance},
  journal = 	 {Phys. Rev. A},
  year = 	 {1989},
  volume = 	 {39},
  pages = 	 {4854--4869},
  }


@Article{Bulsara,
  author = 	 {Adi R. Bulsara and Luca Gammaitoni},
  title = 	 {Tuning in to Noise},
  journal = 	 {Physics Today},
  year = 	 {1996},
  month = 	 {March},
}



@InCollection{Hess,
  author = 	 {Sigfried Hess},
  title = 	 {Constraints in Molecular Dynamics, Nonequilibrium Processes
                  in Fluids via Computer Simulation},
  booktitle = 	 {Computational Physics: Selected Methods, 
                   Simple Exercises, Serious Applications},
  pages = 	 {268--293},
  OPTpublisher = {Springer},
  OPTyear = 	 {1996},
  OPTeditor = 	 {K. H. Hoffman and M. Schreiber},
  address = 	 {Berlin},
}

@Article{Lanzara,
  author = 	 {Elisa Lanzara and Rosario N. Mantegna and Bernardo Spagnolo
                   and Rosalia Zangara},
  title = 	 {Experimental study of a nonlinear system in the presence of 
                    noise: The stochastic resonance},
  journal = 	 {Am. J. Physics},
  year = 	 {1997},
  volume = 	 {65},
  pages = 	 {341--349},
}


@Article{Klafter:PhysicsToday,
  author = 	 {Joseph Klafter and Michael F. Shlesinger and Gert Zumofen},
  title = 	 {Beyond Brownian Motion},
  journal = 	 {Physics Today},
  year = 	 {1996},
  pages = 	 {33--39},
}

@Book{Feller2,
  author = 	 {William Feller},
  title = 	 {An Introduction to Probability Theory and Its Applications},
  publisher = 	 {John Wiley \& Sons},
  year = 	 {1966},
  volume = 	 {II},
}




@Article{Metropolis,
  author = 	 {N. Metropolis and A. W. Rosenbluth and A. H. Teller
                  and E. Teller},
  title = 	 {Equations of state calculations by fast computing
                  machines},
  journal = 	 {J. Chem. Phys.},
  year = 	 {1953},
  volume = 	 {21},
  pages = 	 {1087},
}

@InCollection{ShlesingerEncyclopedia,
  author = 	 {Michael F. Shlesinger},
  title = 	 {Random Processes},
  booktitle = 	 {Encyclopedia of Applied Physics},
  pages = 	 {45--70},
  publisher = {VCH Publishers},
  year = 	 {1996},
  editor = 	 {XXXXXX and YYYYYYYY},
  volume = 	 {16},
  }

@Book{Samorodnitsky,
  author = 	 {Gennady Samorodnitsky and Murad S. Taqqu},
  title = 	 {Stable Non--Gaussian Random Processes, Stochastic Models 
                  with Infinte Variance},
  publisher = 	 {Chapman \& Hall},
  year = 	 {1994},
  address = 	 {New York, London},
}


@Article{Mantegna,
  author = 	 {Rosario Nunzio Mantegna},
  title = 	 {Fast accurate algorithm for numerical simulation of 
                  L\'evy stable processes},
  journal = 	 {Phys. Rev. E},
  year = 	 {1994},
  volume = 	 {49},
  pages = 	 {4677--4683},
}


@InCollection{Montroll,
  author = 	 {E. W. Montroll and B. J. West},
  title = 	 {On an enriched colection of stochastic processes},
  booktitle = 	 {Fluctuation Phenomena},
  pages = 	 {61--206},
  publisher = {North--Holland},
  year = 	 {1979},
  editor = 	 {E. W. Montroll and J. L. Lebowitz},
  chapter = 	 {2},
  address = 	 {Amsterdam},
  }

@Book{Hughes,
  author = 	 {Barry D. Hughes},
  title = 	 {Random Walks and Random Environments},
  publisher = 	 {Clarendon Press},
  year = 	 {1995},
  number = 	 {Volume 1: Random Walks},
}




@Book{McLennan,
  author = 	 {James A. McLennan},
  title = 	 {Introduction to Nonequilibrium Statistical Mechanics},
  publisher = 	 {Prentice Hall},
  year = 	 {1989},
  address = 	 {Englewood Cliffs},
}




@Book{Jancel,
  author = 	 {R. Jancel},
  title = 	 {Foundations of Classical and Quantum Statistical Physics},
  publisher = 	 {Clarendon Press},
  year = 	 {1969},
  address = 	 {Oxford},
}




@InCollection{KacLogan,
  author = 	 {M. Kac and J. Logan},
  title = 	 {Fluctuations},
  booktitle = 	 {Fluctuation Phenomena},
  publisher = {North--Holland},
  year = 	 {1987},
  editor = 	 {E. W. Montroll and J. L. Lebowitz},
  address = 	 {Amsterdam},
}

@Book{Kreuzer,
  author = 	 {H. J. Kreuzer},
  title = 	 {Nonequlibrium Thermodynamics and its Statistical 
                  Foundations},
  publisher = 	 {Clarendon Press},
  year = 	 {1981},
  address = 	 {Oxford},
}

@Article{MontrollBendler,
  author = 	 {E. W. Montroll and J. T. Bendler},
  title = 	 {},
  journal = 	 {J. Stat. Phys.},
  year = 	 {1984},
  volume = 	 {34},
  pages = 	 {129},
}

@Article{BouchadGeorges,
  author = 	 {J. P. Bouchaud and A. Georges},
  title = 	 {},
  journal = 	 {Phys. Rep.},
  year = 	 {1990},
  volume = 	 {195},
  pages = 	 {128},
}




@Article{Zaslavski,
  author = 	 {G. M. Zaslavski},
  title = 	 {},
  journal = 	 {Physica D},
  year = 	 {1994},
  volume = 	 {76},
  pages = 	 {110},
}


@Book{MoreLevyBook,
  ALTauthor = 	 {},
  ALTeditor = 	 {Michael F. Shlesinger and George M. Zaslavsky
                   and Uriel Frisch},
  title = 	 {L\'evy Flights and Related Topics in Physics},
  publisher = 	 {Springer},
  year = 	 {1995},
  volume = 	 {450},
  series = 	 {Lecture Notes in Physics},
  address = 	 {Berlin},
}



@Article{Onsager,
  author = 	 {L. Onsager},
  title = 	 {Crystal statistics I. A two--dimensional model with an 
                   order--disorder transition},
  journal = 	 {Phys. Rev.},
  year = 	 {1944},
  volume = 	 {65},
  pages = 	 {117},
}



@Book{Prigogine,
  author = 	 {I. Prigogine},
  title = 	 {Non--Equilibrium Statistical Mechanics},
  publisher = 	 {Interscience Publishers},
  year = 	 {1962},
  address = 	 {New York},
}

@Article{Rahman,
  author = 	 {A. Rahman},
  title = 	 {Correlations in the Motion of Atoms of liquid Argon},
  journal = 	 {Phys. Rev. A},
  year = 	 {1964},
  volume = 	 {136},
  pages = 	 {405},
}



@Article{Swendsen,
  author = 	 {R. H. Swendsen and J. S. Wang},
  title = 	 {Nonunuiversla Critical Dynamics in Monte Carlo Simulations},
  journal = 	 {Phys. Rev. Lett.},
  year = 	 {1987},
  volume = 	 {58},
  pages = 	 {86--88},
}

@Article{Verlet67,
  author = 	 {L. Verlet},
  title = 	 {Computer Experiments on Classical Fluids. I. Thermodynamical 
                  Properties of Lennard--Jones Molecules },
  journal = 	 {Phys. Rev.},
  year = 	 {1967},
  volume = 	 {159},
  pages = 	 {98},
}
 

@Article{Verlet68,
  author = 	 {L. Verlet},
  title = 	 {Computer Experiments on Classical Fluids. II. 
                  Equlibrium Correlation Functions},
  journal = 	 {Phys. Rev.},
  year = 	 {1968},
  volume = 	 {165},
  pages = 	 {201},
}

@InCollection{vanKampenFund,
  author = 	 {N. G. van Kampen},
  title = 	 {Fundamental Problems in Statistical Mechanics 
                 of Irreversible Processes},
  booktitle = 	 {Fundamental Problems in Statistical Mechanics},
  pages = 	 {173--202},
  publisher = {North--Holland},
  year = 	 {1962},
  editor = 	 {E. G. D. Cohen},
  address = 	 {Amsterdam},
}



@BOOK{ARNOLD,
  author    = {V. I. Arnold},
  title     = {Mathematical Methods of Classical Mechanics},
  publisher = {Springer--verlag},
  address   = {New York},
  year      = {1978}
}


@BOOK{BRODY,
  author    = {Thomas Brody},
  title     = {The Philosophy Behind Physics},
  publisher = {Springer--Verlag},
  address   = {Berlin},
  year      = {1993}
}



@Article{CHANDRASEKHAR,
  author =       {S. Chandrasekhar},
  title =        {Stochastic Problems in Physics and Astronomy},
  journal =      {Rev. Mod. Phys.},
  year =         {1943},
  volume =       {15},
  pages =        {1--89},
 }

@ARTICLE{COMPAGNER,
  author  = {Aaldert Compagner},
  title   = {Definitions of randomness},
  journal = {Am. J. Phys.},
  volume  = {59},
  number  = {8},
  pages   = {700--705},
  year    = {1991}
}

@BOOK{DAVIES,
  author    = {M.H.A. Davies},
  title     = {Markov Models and Optimization},
  publisher = {Chapman \& Hall},
  address   = {London},
  year      = {1993}
}

@BOOK{DOOB,
  author    = {J. L. Doob},
  title     = {Stochastic Processes},
  series    = {Wiley Classics Library},
  publisher = {John Wiley \& Sons},
  address   = {New York},
  year      = {1953}
}


@BOOK{DOI_AND_EDWARDS,
  author    = {M. Doi and S. F. Edwards},
  title     = {The Theory of Polymer Dynamics},
  series    = {International Series of Monographs on Physics},
  volume    = {73},
  publisher = {Clarendon Press},
  address   = {Oxford},
  year      = {1986}
}


@BOOK{FELLER,
  author    = {William Feller},
  title     = {An introduction to probability theory and its applications},
  publisher = {John Wiley \& Sons},
  address   = {New York},
  year      = {1950}
}



@Book{FLANAGAN,
  author = 	 {David Flanagan},
  title = 	 {Java in a Nutshell, A Desktop Quick Reference},
  publisher = 	 {O'Reilly},
  year = 	 {1977},
 }

@Book{FLANAGAN-EXAMPLES,
  author = 	 {David Flanagan},
  title = 	 {Java Examples in a Nutshell},
  publisher = 	 {O'Reilly},
  year = 	 {1977},
 }
@BOOK{GARCIA,
  author    = {Alejandro L. Garcia},
  title     = {Numerical Methods for Physics},
  publisher = {Prentice Hall},
  address   = {Englewood Cliffs},
  year      = {1994}
}

@BOOK{GARD,
  author    = {Thomas C. Gard},
  title     = {Introduction to Stochastic Differential Equations},
  publisher = { Marcel Dekker},
  address   = {New York},
  year      = {1988}
}


@BOOK{DE_GENNES,
  author    = {Pierre--Gilles de Gennes},
  title     = {Scaling Concepts in Polymer Physics},
  publisher = {Cornell University Press},
  address   = {Ithaca and London},
  year      = {1979}
}



@ARTICLE{GILLESPIE96,
  author  = {Daniel T. Gillespie},
  title   = {The mathematics of Brownian motion and Johnson noise},
  journal = {Am. J. Phys.},
  volume  = {64},
  number  = {3},
  pages   = {225--240},
  year    = {1996}
}


@ARTICLE{GILLESPIE_THEOREM,
  author  = {Daniel T. Gillespie},
  title   = {A theorem for physicists in the theory of random variables},
  journal = {Am. J. Phys.},
  volume  = {51},
  number  = {6},
  pages   = {520--533},
  year    = {1983}
}



@Book{GOSLING,
  author = 	 {Ken Arnold and James Gosling},
  title = 	 {The Java Programming Language},
  publisher = 	 {Addison-Wesley},
  year = 	 {1997},
   series = 	 {The Java Series},
  address = 	 {xxxxxx},
  edition = 	 {2},
 }

@BOOK{GOULD_AND_TOBOCHNIK,
  author    = {Harvey Gould and Jan Tobochnik},
  title     = {An Introduction to Computer Simulation Methods: 
               Applications to Physical Systems},
  publisher = {Addison--Wesley},
  address   = {Reading},
  year      = {1987}
}





@InProceedings{HPJ,
  author = 	 {Michael Philippsen},
  title = 	 {Is Java ready for computational science?},
  booktitle = 	 {Euro--PDS'98, 2nd European Parallel and Distributed
                  Systems Conference},
  year = 	 {1998},
  address = 	 {Vienna, Austria},
  pages = 	 {299--304},
}


@BOOK{JETSCHKE,
  author    = {G. Jetschke},
  title     = {Mathematik der Selbstorganisation},
  publisher = {Vieweg},
  address   = {Braunschweig},
  year      = {1989}
}




@MASTERSTHESIS{KAPPLER,
  author = {Bernd Kappler},
  title  = {Die Dynamik geladener Teilchen in gasisolierten
            Hochspannungsanlagen},
  school = {Albert--Ludwigs--Universit\"at Freiburg},
  year   = {1995}
}


@BOOK{KLOEDEN_NUM,
  author    = {Peter E. Kloeden and Eckhard Platen and Henri Schurz},
  title     = {Numerical Solution of SDE Through Computer Experiments},
  publisher = {Springe--Verlag},
  address   = {Berlin},
  year      = {1994}
}


@BOOK{KLOEDEN_AN,
  author    = {Peter E. Kloeden and Eckhard Platen},
  title     = {Numerical Solution of Stochastic Differential Equations},
  publisher = {Sporinger--Verlag},
  address   = {Berlin},
  year      = {1992}
}

@BOOK{KNUTH,
  author    = {Donald E. Knuth},
  title     = {The Art of Computer Programming},
  volume    = {2/Seminumerical Algorithms},
  publisher = {Addison--Wesley},
  address   = {Reading},
  year      = {1981},
  edition   = {2nd}
}


@ARTICLE{KREMER_AND_BINDER,
  author  = {Kurt Kremer and Kurt Binder},
  title   = {Monte Carlo Simulations of Lattice Models for Macromolecules},
  journal = {Computer Physics Reports},
  volume  = {7},
  pages   = {259--310},
  year    = {1988}
}


@BOOK{MACKEOWN,
  author    = {P. Kevin MacKeown},
  title     = {Stochastic Simulation in Physics},
  publisher = {Springer--Verlag},
  address   = {Singapore},
  year      = {1997}
}

@BOOK{MATLAB,
  author    = {Duane Hanselmann and Bruce Littlefield},
  title     = {The Student Edition of MATLAB, Version 5, User's Guide},
  series    = {The MATLAB Curriculum Series},
  publisher = {Prentice--Hall},
  address   = {Upper Saddle River},
  year      = {1997}
}

@ARTICLE{NORDSIECK,
  author  = {A. Nordsieck and W.E. Lamb and G.E. Uhlenbeck},
  title   = {On the theory of cosmic--ray showers. I. The Furry model
             and the fluctuation problem},
  journal = {Physica},
  volume  = {7},
  number  = {4},
  pages   = {344},
  year    = {1940}
}


@BOOK{VAN_KAMPEN,
  author    = {N. G. van Kampen},
  title     = {Stochastic Processes in Physics and Chemistry},
  publisher = {North--Holland},
  address   = {Amsterdam},
  year      = {1992},
  edition   = {2nd}
}

@ARTICLE{MOHAZZABI,
  author  = {Pirooz Mohazzabi},
  title   = {Monte Carlo estimation of e},
  journal = {Am. J. Phys.},
  volume  = {66},
  number  = {2},
  pages   = {138--140},
  year    = {1998}
}


@BOOK{OETTINGER,
  author    = {H. C. \"Ottinger},
  title     = {Stochastic Processes in Polymeric Fluids},
  publisher = {Springer--Verlag},
  address   = {Berlin},
  year      = {1996}
}

@BOOK{OPPENHEIM,
  author    = {Irwin Oppenheim and Kurt E. Shuler and George H. Weiss},
  title     = {Stochastic Processes in Chemical Physics: The Master
               Equation},
  publisher = {The MIT Press},
  address   = {Cambridge},
  year      = {1977}
}



@BOOK{POTTER,
  author    = {Philip Potter},
  title     = {Stochastic Integration and Differential Equations},
  publisher = {Springer--Verlag},
  address   = {Berlin},
  year      = {1990}
}

@BOOK{PRESS,
  author    = {W. H. Press and S. A. Teukolsky 
               and W. T. Vetterlin and B. P. Flannery},
  title     = {Numerical Recipes in Fortran, The Art of Scientific Computing},
  publisher = {Cambridge University Press},
  address   = {Cambridge},
  year      = {1992},
  edition   = {2nd}
}


@BOOK{REICHL,
  author    = {L. E. Reichl},
  title     = {A Modern Course in Statistical Mechanics},
  publisher = {Edward Arnold},
  address   = {Great Britain},
  year      = {1980}
}

@ARTICLE{RAPOSO,
  author  = {E. P. Raposo and  S. M. de Oliveira and  
     A. M. Nemirovsky and M. D.
             Coutinho--Filho},
  title   = {Random Walks: A pedestrian approach to polymers, critical
             phenomena, and field theory},
  journal = {Am. J. Phys.},
  volume  = {59},
  number  = {7},
  pages   = {633--645},
  year    = {1991}
}



@Book{RISKEN,
  author =       {H. Risken},
  title =        {The Fokker--Planck Equation},
  publisher =    {Springer--Verlag},
  year =         {1989},
  address =      {Berlin},
  edition =      {2nd},
 }

@ARTICLE{ROSENBLUTH,
  author  = {Marshall N. Rosenbluth and Arianna W. Rosenbluth},
  title   = {Monte Carlo Calculation of the Average Extension of 
             Molecular Chains},
  journal = {The Journal of Chemical Physics},
  volume  = {23},
  number  = {2},
  pages   = {356--359},
  year    = {1955}
}

@BOOK{RUBINSTEIN,
  author    = {Reuven Y. Rubinstein},
  title     = {Simulation and the Monte Carlo Method},
  series    = {Wiley Series in Probability and Mathematical Statistics},
  publisher = {John Wiley \& Sons},
  address   = {New York},
  year      = {1981}
}

@ARTICLE{SCARIANO,
  author  = {S. M. Scariano and A. R. Marlow},
  title   = {An alternate way of computing uncertainties},
  journal = {Am. J. Phys.},
  volume  = {59},
  number  = {12},
  pages   = {1149},
  year    = {1991}
}



@BOOK{WAX,
  author    = {Nelson Wax (Editor)},
  title     = {Selected Papers onNoise and Stochastic Processes},
  publisher = {Dover},
  address   = {New York},
  year      = {1954}
}
