

@Book{bronstein,
  author =    {Ilja N. Bronstein and K.A. Semendjajew and G. Musiol and H. M{\"u}hlig},
  title =        {Taschenbuch der Mathematik},
  publisher =    {Verlag Harri Deutsch, Thun, Frankfurt a.M.},
  year =         {1995},
  edition =   {2},
  note =      {erweiterte und {\"u}berarbeitete Auflagecd },
}

@Article{danielson:42,
  author =       {G.C. Danielson and C. Lanczos},
  title =        {Some improvements in practical Fourier analysis and their application to X-ray scattering from liquids},
  journal =      {J. Franklin Institute},
  year =         {1942},
  volume =    {233},
  pages =     {365-380, 435-452},
}

@Book{brighamFFT,
  author =    {Elbert Oran Brigham},
  title =        {FFT: Schnelle Fourier-Transformation},
  publisher =    {R. Oldenbourg Verlag, M{\"u}nchen},
  year =         {1995},
  series =    {Ein{\"u}ührung in die Nachrichtentechnik},
  edition =   {6},
  note =      {translation from englisch by Seyed Ali Azizi},
}

@Book{brighamFFTAnwendungen,
  author =    {Elbert Oran Brigham},
  title =        {FFT Anwendungen},
  publisher =    {R. Oldenbourg Verlag, M{\"u}nchen},
  year =         {1997},
  series =    {Ein{\"u}ührung in die Nachrichtentechnik},
  note =      {translation from englisch by Seyed Ali Azizi},
}

@Book{samorodnitzky,
  author =    {G. Samorodnitzky and M. Taqqu},
  ALTeditor =    {},
  title =        {Stable Non-Gaussian Random Processes},
  publisher =    {Chapman {\&} Hall},
  year =         {1994},
  address =   {New York, London},
}

@Article{mantegna:94,
  author =       {Rosario Nunzio Mantegna},
  title =        {Fast, accurate algorithm for numerical simulation of L{\'e}vy stable stochastic processes},
  journal =      {Phys. Rev. E},
  year =         {1994},
  volume =    {49},
  number =    {5},
  pages =     {4677},
}

@book{adams3,
   author    = {Douglas Adams},
   title     = {Life, the Universe and Everything},
   year      = {1982},
   publisher = {Pan Books},
   address   = {London}
}

@article{ancona:94,
   author    = {M. G. Ancona},
   title     = {Fully-Lagrangian and Lattice-Boltzmann Methods for Solving Systems of Conservation Equations},
   journal   = {Journal of Computational Physics},
   pages     = {107-120},
   year      = {1994},
   volume    = {115}
}

@book{aris,
   author    = {Rutherford Aris},
   title     = {Vectors, Tensors, and the Basic Equations of Fluid Mechanics},
   year      = {1962},
   publisher = {Dover Publications, INC. New York}
}

@article{bailey:95,
   author    = {D. W. Bailey},
   title     = {A Diskretised k-Space Method for Charge Transport in Semiconductors},
   journal   = {Journal of Computational Physics},
   pages     = {117-127},
   year      = {1995},
   volume    = {120}
}

@book{barbu,
   author    = {V. Barbu},
   title     = {Nonlinear Semigroups and Differential Equations in Banach Spaces},
   year      = {1976},
   publisher = {Noordhoff Int. Publ., Amsterdam}
}

@article{barenblatt:95,
   author    = {G.I. Barenblatt and Nigel Goldenfeld},
   title     = {Does fully developed turbulence exist},
   journal   = {Phys. Fluids},
   pages     = {3078},
   year      = {1995},
   volume    = {7}
}

@article{barker:73,
   author    = {J.R. Barker},
   title     = {Quantum transport theory of high-field conduction in semiconductors},
   journal   = {J. Phys. C},
   pages     = {2663-2683},
   year      = {1973},
   month     = {},
   volume    = {6},
   number    = {}
}

@book{batchelor,
   author    = {G.K. Batchelor},
   title     = {The Theory of Homogeneous Turbulence},
   year      = {1959},
   publisher = {Cambridge University Press}
}

@book{batchelor1,
   author    = {G.K. Batchelor},
   title     = {An Introduction To Fluid Dynamics},
   year      = {1970},
   publisher = {Cambridge University Press}
}

@article{bennett:95,
   author    = {Charles H. Bennett},
   title     = {Quantum Information and Computation},
   journal   = {Physics Today},
   pages     = {24},
   year      = {1995},
   month     = {October}
}

@article{benzi:92,
   author    = {R. Benzi and S. Succi and M. Vergassola},
   title     = {The Lattice Boltzmann Equation: Theory and Applications},
   journal   = {Physics Reports},
   pages     = {147-197},
   year      = {1992},
   month     = { },
   volume    = {222},
   number    = {3}
}

@book{bergmannschaefer5,
   author    = {Ludwig Bergmann and Clemens Sch{\"a}fer},
   title     = {Lehrbuch der Experimental Physik: Band 5, Vielteilchen Systeme},
   year      = {1992},
   publisher = {Walter de Gruyter, Berlin, New--York}
}

@book{bergmannschaefer6,
   author    = {Ludwig Bergmann and Clemens Sch{\"a}fer},
   title     = {Lehrbuch der Experimental Physik: Band 6, Festk{\"o}rper},
   year      = {1992},
   publisher = {Walter de Gruyter, Berlin, New--York}
}

@mastersthesis{biechele,
   author    = {Peter Biechele},
   title     = {Stochastische Simulation dreidimensionaler Turbulenz},
   year      = {1996},
   month     = {April},
   address   = {Germany},
   school    = {Universit{\"a}t Freiburg},
   note      = {http://phym1.physik.uni-freiburg.de/\~\/hon/publicat.html{\#}arbeiten}
}


@InProceedings{biecheleDPG97,
  author =       {P. Biechele and H. P. Breuer and F. Petruccione},
  title =        {3D Simulation der Navier-Stokes-Gleichung im Fourier-Raum mit Hilfe der Hydrostochastik},
  booktitle =    {Verhandlungen der DPG},
  OPTcrossref =  {},
  OPTkey =       {},
  OPTeditor =    {},
  OPTvolume =    {},
  number =    {5},
  OPTseries =    {},
  year =      {1997},
  OPTorganization = {},
  publisher = {Physik-Verlag},
  note =      {Poster-Session},
}

@InProceedings{biecheleDPG98,
  author =       {P. Biechele and H. P. Breuer and F. Petruccione},
  title =        {Dreidimensionale stochastische Simulation der Navier-Stokes-Gleichung im Fourier-Raum mit Hilfe der Hydrostochastik},
  booktitle =    {Verhandlungen der DPG},
  number =    {5},
  year =      {1998},
  publisher = {Physik-Verlag},
  pages =     {659},
  note =      {Poster-Session},
}

@mastersthesis{biecheleE,
   author    = {Peter Biechele},
   title     = {Stochastic simulation of threedimensional turbulence (in german)},
   year      = {1996},
   month     = {April},
   address   = {Germany},
   school    = {Universit{\"a}t Freiburg},
   note      = {http://phym1.physik.uni-freiburg.de/~hon/publicat.html{\#}arbeiten}
}

@InProceedings{biecheleMarburg98,
  author =       {P. Biechele and H. P. Breuer and F. Petruccione},
  title =        {3D Simulation der Navier-Stokes-Gleichung im Fourier-Raum mit Hilfe der Hydrostochastik},
  booktitle =    {186. WE-Heraeus-Seminar: Statistical Mechanics, Nonlinear Dynamics and Turbulence},
  OPTcrossref =  {},
  OPTkey =       {},
  OPTeditor =    {},
  OPTvolume =    {},
  OPTnumber =    {},
  OPTseries =    {},
  year =      {1998},
}

@Article{bigbucks,
  author =       {Ed Zebrowski},
  title =        {Making big bucks in Java},
  journal =      {Java Developers Journal},
  year =         {1998},
  volume =    {3},
  number =    {7},
  pages =     {9},
}

@book{bird,
   author    = {G. A. Bird},
   title     = {Molecular Gas Dynamics and the Direct Simulation of Gas Flows},
   year      = {1994},
   publisher = {Oxford Univ. Press},
   address   = {Oxford}
}

@article{blakemore:82,
   author    = {J. S. Blakemore},
   title     = {Semiconducting and other major properties of gallium arsenide},
   journal   = {J. Appl. Phys.},
   pages     = {R123-R181},
   year      = {1982},
   volume    = {53},
   number    = {10}
}

@article{borue:95,
   author    = {V. Borue and S. A. Orszag},
   title     = {Forced three dimensional homogeneous turbulence with hyperviscosity},
   journal   = {Europhys. Letters},
   pages     = {687},
   year      = {1995},
   volume    = {29}
}

@article{borue:95a,
   author    = {V. Borue and S.A. Orszag},
   title     = {Self similar decay of three dimensional homogenous turbulence 
       with hyperviscosity},
   journal   = {Phys. Rev. E},
   pages     = {R856},
   year      = {1995},
   volume    = {51},
   number    = {2}
}

@article{borue:96,
   author    = {V. Borue and S.A. Orszag},
   title     = {Numerical study of three-dimensional {Kolmogorov} flow
       at high {Reynolds} numbers},
   journal   = {Journal of Fluid Mechanics},
   pages     = {293-323},
   year      = {1996},
   volume    = {306}
}


@article{bosi:76,
   author    = {S. Bosi und C. Jacoboni},
   title     = {Monte Carlo high-field transport in degenerate GaAs},
   journal   = {J. Phys. C: Solid State Phys.},
   year      = {1976},
   volume    = {9}
}


@book{bracewell,
   author    = {Ronald N. Bracewell},
   title     = {The Fourier Transform and Its Applications},
   year      = {1986},
   publisher = {McGraw Hill  Inc.},
   address   = {New York},
   edition   = {2nd}
}


@article{brasseur:96,
   author    = {L.P. Wang and S. Chen and J.G. Brasseur and J.C. Wyngaard},
   title     = {Examination of hypotheses in the Kolmogorov refined turbulence
       theory through high-resolution simulations. Part 1: velocity field},
   journal   = {Journal of Fluid Mechanics},
   pages     = {113-156},
   year      = {1996},
   volume    = {309}
}


@article{brennan:84,
   author    = {Kevin Brennan and Karl Hess},
   title     = {Theory of high-field transport of holes in GaAs and InP},
   journal   = {Phys. Rev. B},
   pages     = {5581-5590},
   year      = {1984},
   month     = {May},
   volume    = {29},
   number    = {10}
}


@booklet{breuer:91,
   author    = {H. P. Breuer and F. Petruccione},
   title     = {Hydrostochastics - The Stochastic Approach to Fluid Dynamics},
   year      = {1991},
   month     = {Nov},
   howpublished = {Instituto Italiano per gli Studi Filosofici Seminari di Scienze 13}
}


@article{breuer:92,
   author    = {H. P. Breuer and F. Petruccione},
   title     = {A stochastic approach to computational fluid dynamics},
   journal   = {Continuum Mech. Thermodyn.},
   pages     = {247-267},
   year      = {1992},
   volume    = {4}
}                  
                  
	            
@article{breuer:92a,
   author    = {H. P. Breuer and F. Petruccione and J. Honerkamp},
   title     = {A stochastic approach to complex chemical reactions},
   journal   = {Chem. Phys. Lett.},
   pages     = {199-201},
   year      = {1992},
   volume    = {190}
}


@article{breuer:92b,
   author    = {H. P. Breuer and F. Petruccione},
   title     = {Burger´s model of turbulence as a stochastic process},
   journal   = {Journal of Physics A},
   pages     = {L661},
   year      = {1992},
   volume    = {25},
   number    = {11}
}


@article{breuer:93,
   author    = {H. P. Breuer and F. Petruccione},
   title     = {A master equation description of fluctuating hydrodynamics},
   journal   = {Physica A},
   pages     = {569-588},
   year      = {1993},
   volume    = {192}
}

@article{breuer:93a,
   author    = {H. P. Breuer and F. Petruccione},
   title     = {On the numerical integration of partial differential equations
       by stochastic simulation methods},
   journal   = {Comp. Phys. Comm.},
   pages     = {207-218},
   year      = {1993},
   volume    = {77}
}


@article{breuer:93b,
   author    = {H. P. Breuer and F. Petruccione},
   title     = {The Burgers turbulence model as a stochastic dynamical system:
       master equation and simulation},
   journal   = {Phys. Rev. E},
   pages     = {1803-1814},
   year      = {1993},
   volume    = {47}
}


@article{breuer:93c,
   author    = {H. P. Breuer and F. Petruccione},
   title     = {A master equation representation of two-dimensional turbulence},
   journal   = {J. Phys. A: Math. Gen.},
   pages     = {7563-7582},
   year      = {1993},
   volume    = {26}
}


@article{breuer:94,
   author    = {H. P. Breuer and F. Petruccione},
   title     = {Stochastic simulations of high {Reynolds} number turbulence in
       two dimensions},
   journal   = {Phys. Rev. E},
   pages     = {2795},
   year      = {1994},
   volume    = {50}
}


@article{breuer:94a,
   author    = {H. P. Breuer and F. Petruccione},
   title     = {Thermostochastics: Heat Conduction and temperature fluctuations},
   journal   = {Physica A},
   pages     = {83-95},
   year      = {1994},
   volume    = {209}
}

@article{breuer:94b,
   author    = {H. P. Breuer and F. Petruccione},
   title     = {On a stochastic simulation method for fluctuating hydrodynamics},
   journal   = {Transport Theory and Statistical Physics},
   pages     = {265-279},
   year      = {1994},
   volume    = {23}
}

@InBook{breuer:96,
  author =    {H. P. Breuer and F. Petruccione},
  title =        {Nonlinear Stochastic PDEs, Hydrodynamic Limit and Burgers' Turbulence},
  chapter =      {Mesoscopic modeling and stochastic simulations of turbulent flows},
  publisher =    {Springer-Verlag},
  address =   {New York},
  year =         {1996},
  volume =    {77},
  series =    {The IMA Volumes in Mathematics and its Applications},
  pages =     {261-291},
}


@book{brezis,
   author    = {H. Brezis},
   title     = {Op{\'e}rateurs maximaux monotones et semi--groupes de contraction
       dans les espaces de Hilbert},
   year      = {1972},
   publisher = {Nort--Holland, Amsterdam, New--York}
}
@book{brezzi,
   author    = {F. Brezzi and M. Fortin},
   title     = {Mixed and Hybrid Finite Element Methods},
   year      = {1991},
   publisher = {Springer Verlag, Berlin, New--York}
}


@article{brown:82,
   author    = {Timothy M. Brown},
   title     = {Information theory and the spectrum of isotropic turbulence},
   journal   = {Journal of Physics A},
   pages     = {2285},
   year      = {1982},
   volume    = {15}
}


@book{canuto,
   author    = {C. Canuto and M.Y. Hussaini and A. Quarteroni and T.A. Zeng},
   title     = {Spectral Methods in Fluid Dynamics},
   year      = {1987},
   publisher = {Springer Verlag},
   address   = {Berlin}
}


@book{cercignani,
   author    = {Carlo Cercignani},
   title     = {The Boltzmann Equation and its Applications},
   year      = {1988},
   publisher = {Springer-Verlag},
   address   = {New-York}
}


@book{cgrossmann,
   author    = {C. Gro{\ss}mann and H.G. Roos},
   title     = {Numerik Partieller Differentialgleichungen},
   year      = {1992},
   publisher = {B.G. Teubner, Stuttgart}
}


@article{chen:92,
   author    = {Chen Shiyi and Shan Xiaosuen},
   title     = {High resolution turbulent simulations using the Connection Machine 2},
   journal   = {Computers in Physics},
   pages     = {643},
   year      = {1992},
   volume    = {6},
   number    = {6}
}


@article{chen:92a,
   author    = {Hudong Chen and Shiyi Chen and William H. Matthaeus},
   title     = {Recovery of the Navier-Stokes equations using a lattice-gas Boltzmann method},
   journal   = {Physical Review A},
   pages     = {R5339-R5342},
   year      = {1992},
   volume    = {45},
   number    = {8}
}	  
		  
@incollection{constantin:91,
   author    = {Peter Constantin},
   editor    = {L. Sirovich},
   title     = {Remarks on the Navier-Stokes Equations},
   booktitle = {New Perspectives in Turbulence},
   chapter   = {8},
   pages     = {229},
   year      = {1991},
   publisher = {Springer}
}


@article{cooley:65,
   author    = {J.W. Cooley and J.W. Tukey},
   journal   = {Math. Computation},
   title     = {An Algorithm for machine calculation of complex Fourier series},
   pages     = {297-301},
   year      = {1965},
   month     = {April},
   volume    = {19}
}


@article{costato:73,
   author    = {M. Costato and L. Reggiani},
   title     = {Scattering probabilities for holes (I)},
   journal   = {Physical Status Solidi (B)},
   pages     = {471-482},
   year      = {1973},
   month     = {},
   volume    = {58},
   number    = {}
}


@article{costato:73a,
   author    = {M. Costato and L. Reggiani},
   title     = {Scattering probabilities for holes (II)},
   journal   = {Physical Status Solidi (B)},
   pages     = {47-54},
   year      = {1973},
   month     = {},
   volume    = {58},
   number    = {}
}


@book{courant2,
   author    = {R. Courant and D. Hilbert},
   title     = {Methoden der mathematischen Physik, Band II},
   year      = {1968},
   publisher = {Springer Verlag, Berlin, New--York}
}


@book{davydov,
   author    = {A.S. Davydov},
   title     = {Quantum Mechanics},
   year      = {1992},
   publisher = {Pergamon Press Ltd.},
   address   = {}
}


@article{dawson:93,
   author    = {S. Ponce Dawson and S. Chen and G. D. Doolen},
   title     = {Lattice Boltzmann computations for reaction-diffusion equations},
   journal   = {J. of Chemical Physics},
   pages     = {1514-1523},
   year      = {1993},
   month     = {January},
   volume    = {98},
   number    = {2}
}


@book{deuflhard,
   author    = {P. Deuflhard and F. Bornemann},
   title     = {Numerische Mathematik II -- Integration gew{\"o}hnlicher Differential
       Gleichungen},
   year      = {1994},
   publisher = {Walter de Gruyter, Berlin, New--York}
}


@Article{edwards:64,
  author =       {S. F. Edwards},
  title =        {The statistical dynamics of homogenous turbulence},
  journal =      {J. Fluid Mech.},
  year =         {1964},
  volume =    {18},
  pages =     {239},
}


@Misc{elsewhere,
  OPTkey =       {},
  author =    {P. Biechele and H. P. Breuer and F. Petruccione},
  OPTtitle =     {},
  howpublished = {in preparation},
  OPTmonth =     {},
  OPTyear =      {},
  OPTnote =      {},
  OPTannote =    {}
}


@article{emmons:70,
   author    = {Howard W. Emmons},
   journal   = {Annual Rev. Fluid Mech.},
   pages     = {15},
   year      = {1970},
   volume    = {2}
}


@article{fawcett:70,
   author    = {W. Fawcett and A. D. Boardman and S. Swain},
   title     = {Monte Carlo Determination of Electron Transport Properties in Gallium Arsenide},
   journal   = {J. Phys. Chem. Solids},
   pages     = {1963-1990},
   year      = {1970},
   volume    = {31}
}


@Book{feller1:67,
  author =       {William Feller},
  title =        {Introduction to Probability Theory and its Applications},
  publisher =    {J. Wiley \& Sons},
  year =         {1967},
  volume =       {I},
}


@Book{feller2:71,
  author =       {William Feller},
  title =        {Introduction to Probability Theory and its Applications},
  publisher =    {J. Wiley \& Sons},
  year =         {1971},
  volume =       {II},
}


@book{frisch,
   author    = {Uriel Frisch},
   title     = {Turbulence -- The Legacy of A.N. Kolmogorov},
   year      = {1995},
   publisher = {Cambridge University Press}
}


@article{frisch:86,
   author    = {U. Frisch and B. Hasslacher and Y. Pomeau},
   title     = {Lattice-Gas automata for the Navier-Stokes equation},
   journal   = {Phys. Rev. Lett.},
   pages     = {1505-1508},
   year      = {1986},
   volume    = {56}
}


@book{gardiner,
   author    = {C.W. Gardiner},
   title     = {Handbook of Stochastic Methods},
   year      = {1990},
   publisher = {Springer Verlag},
   address   = {Berlin},
   edition   = {2nd}
}


@Book{gillespie,
  author =    {Daniel T. Gillespie},
  title =        {Markov Processes, An introduction for physical scientists},
  publisher =    {Academic Press, inc.},
  year =         {1992},
}


@article{gillespie:76,
   author    = {Daniel T. Gillespie},
   title     = {A general method for numerically simulating the stochastic time evolution
       of coupled chemical reactions},
   journal   = {Journal of Comput. Physics},
   pages     = {403},
   year      = {1976},
   volume    = {22}
}


@article{gillespie:92,
   author    = {Daniel T. Gillespie},
   title     = {A rigorous derivation of the chemical master equation},
   journal   = {Physica A},
   pages     = {404},
   year      = {1992},
   volume    = {188}
}


@Article{gillespie:96,
  author =       {Daniel T. Gillespie},
  title =        {The mathematics of Brownian motion and Johnson noise},
  journal =      {American Journal of Physics},
  year =         {1996},
  volume =    {64},
  number =    {3},
  pages =     {225-240},
}


@book{glowinski,
   author    = {R. Glowinski},
   title     = {Numerical Methods for Nonlinear Variational Problems},
   year      = {1984},
   publisher = {Springer Verlag, Berlin, New--York}
}	  
		  
		  
@book{glowinski1,
   author    = {R. Glowinski and J.L. Lions and R. Tremolieres},
   title     = {Numerical analysis of Variational Inequalities},
   year      = {1981},
   publisher = {North--Holland, Amsterdam, New--York}
}


@Article{golub:83,
  author =       {T.F. Chan and G.H. Golub and R.J. LeVeque},
  title =        {algorithms for computing the sample variance: analysis and recommendations},
  journal =      {The American Statistician},
  year =         {1983},
  volume =    {37},
  number =    {3},
  month =     {august},
  pages =     {242},
}
                  
@article{grauer:96,
   author    = {Rainer Grauer and Christiane Marliani},
   title     = {Analytical and numerical approaches to structure functions in
       magnetohydrodynamic turbulence},
   journal   = {Zeitschrift für Physik, in Press},
   year      = {1996}
}


@article{grosfils:92,
   author    = {Patrick Grosfils},
   title     = {Spontaneous Fluctuation Correlations in Thermal Lattice-Gas Automata},
   journal   = {Physical Review Letters},
   pages     = {1077-1080},
   year      = {1992},
   month     = {February},
   volume    = {68},
   number    = {7}
}


@article{haase:85,
   author    = {M.A. Haase and V.M. Robbins and N. Tabatabaie and G.E. Stillman},
   title     = {Subthreshold electron velocity-field characteristics of GaAs and $\mbox{In}_{0.53}\mbox{Ga}_{0.47}\mbox{As}$},
   journal   = {Journal Applied Physics},
   pages     = {2295-2298},
   year      = {1985},
   month     = {March},
   volume    = {57},
   number    = {6}
}


@article{helland:77,
   author    = {K.N. Helland and C.W. {van Atta} and G.R. Stegen},
   title     = {Spectral energy transfer in high Reynolds number turbulence},
   journal   = {Journal of Fluid Mechanics},
   pages     = {337},
   year      = {1977},
   volume    = {79}
}


@conference{heermann:95,
   author    = {Dieter W. Heermann},
   title     = {Parallelization of computational physics problems},
   booktitle = {???},
   organization = {Euroconference of computer simulation in Condensed Matter 
       physics chemistry school},
   year      = {1995},
   publisher = {Weiss nich ?}
}


@article{henningson:94,
   author    = {Dan S. Henningson and S.C. Reddy},
   title     = {On the role of linear mechanics in transition to turbulence},
   journal   = {Phys. Fluids},
   pages     = {1396},
   year      = {1994},
   month     = {march},
   volume    = {6},
   number    = {3}
}


@article{herring:74,
   author    = {Herring and S.A. Orszag and H.R. Kraichnan and Fox},
   title     = {Decay of two-dimensional homogenous turbulence},
   journal   = {Journal of Fluid Mech.},
   pages     = {417},
   year      = {1974},
   volume    = {66}
}


@article{hockney:71,
   author    = {R. W. Hockney},
   title     = {Measurements of collision and heating times in a two-dimensional thermal computer plasma},
   journal   = {J. Comp. Phys.},
   pages     = {19-44},
   year      = {1971},
   month     = {},
   volume    = {8},
   number    = {}
}


@book{honerkamp,
   author    = {Josef Honerkamp},
   title     = {Stochastische Dynamische Systeme},
   year      = {1990},
   publisher = {VCH Verlag},
   address   = {Weinheim}
}


@book{honerkampa,
   author    = {Josef Honerkamp},
   title     = {Stochastic Dynamical Systems},
   year      = {1993},
   publisher = {VCH  Verlag},
   address   = {Weinheim}
}


@book{honerkampb,
   author    = {Josef Honerkamp},
   title     = {Statistische Physik},
   year      = {1997},
   publisher = {to be published}
}


@article{hopf:52,
   author    = {Eberhard Hopf},
   title     = {Statistical hydromechanics and functional calculus},
   journal   = {Journal of Rational Mechanics and Analysis},
   pages     = {87-123},
   year      = {1952},
   volume    = {1}
}


@article{hopf:57,
   author    = {Eberhard Hopf},
   title     = {On the application of functional calculus to the statistical theory
       of turbulence},
   journal   = {Proceedings of the Symposium of Applied Mathematics
       (American Mathematical Society)},
   pages     = {41-50},
   year      = {1957},
   volume    = {7}
}


@article{hopf:62,
   author    = {Eberhard Hopf},
   title     = {Remarks on the functional analytic approach to turbulence},
   journal   = {Proceedings of the Symposium of Applied Mathematics
       (American Mathematical Society)},
   pages     = {157-163},
   year      = {1962},
   volume    = {13}
}


@article{hosokawa:87,
   author    = {I. Hosokawa and Kiyoshi Yamamoto},
   title     = {A Monte-Carlo approach to the Hopf characteristic functional for
       three dimensional turbulence},
   journal   = {Journal of Phys. Soc. of Japan},
   pages     = {521},
   year      = {1987},
   volume    = {56}
}


@mastersthesis{huber:94,
   author    = {Wolfgang Huber},
   title     = {Die Beschreibung von Reaktions-Diffusions-Prozessen durch Mastergleichungen},
   year      = {1994},
   month     = {Februar},
   address   = {Bad S{\"a}ckingen},
   school    = {Albert-Ludwigs-Universit{\"a}t Freiburg}
}


@article{huber:95,
   author    = {H.P. Breuer and W. Huber and F. Petruccione},
   title     = {The macroscopic limit in a stochastic reaction-diffusion process},
   journal   = {Europhys. Letters},
   pages     = {69-74},
   year      = {1995},
   volume    = {30},
   number    = {2}
}


@article{huber:96,
   author    = {H.P. Breuer and W. Huber and F. Petruccione},
   title     = {Fast Monte Carlo algorithm for nonequilibrium systems},
   journal   = {Phys. Rev. E},
   pages     = {4232},
   year      = {1996},
   month     = {April},
   volume    = {53},
   number    = {4}
}


@article{inamuro:90,
   author    = {Takaji Inamuro and Bradford Sturtevant},
   title     = {Numerical Study of diskrete-velocity gases},
   journal   = {Physical Fluids A},
   pages     = {2196-2203},
   year      = {1990},
   month     = {December},
   volume    = {12},
   number    = {2}
}                  
 
                 	            
@book{jacoboni,
   author    = {Carlo Jacoboni and Paolo Lugli},
   title     = {The Monte Carlo Method for semiconductor device simulation},
   year      = {1989},
   publisher = {Springer-Verlag},
   address   = {}
}


@article{jacoboni:83,
   author    = {C. Jacoboni and L. Reggiani},
   title     = {The Monte Carlo method for the solution of charge transport in semicond.},
   journal   = {Reviews of Modern Physics},
   pages     = {645-704},
   year      = {1983},
   month     = {July},
   volume    = {55},
   number    = {3}
}


@article{janssen:73,
   author    = {H. K. Janssen},
   title     = {Fluktuationen von Besetzungszahlen},
   journal   = {Z. f. Physik},
   pages     = {243-250},
   year      = {1973},
   volume    = {258}
}


@Book{javanutshell,
  author =    {David Flanagan},
  title =        {Java in a Nutshell},
  publisher =    {O'Reilly},
  year =         {1997},
  edition =   {2},
}


@Book{kalos:86,
  author =       {Malvin H. Kalos and Paula A. Whitlock},
  title =        {Monte Carlo Methods, Volume I: Basics},
  publisher =    {John Wiley \& Sons},
  year =         {1986},
  volume =    {I},
  note =      {no volume II published},
}


@book{kampen,
   author    = {N.G. Van Kampen},
   title     = {Stochastic Processes in Physics and Chemistry},
   year      = {1992},
   publisher = {Elsevier Science Publishers B.V.},
   address   = {Amsterdam},
   edition   = {2}
}


@mastersthesis{kappler:95,
   author    = {Bernd Kappler},
   title     = {Die Dynamik geladener Teilchen in gasisolierten Hochspannungsanlagen},
   year      = {1995},
   school    = {Albert-Ludwigs-Universit{\"a}t Freiburg}
}


@article{kaveh:84,
   author    = {Moshe Kaveh and Nathan Wiser},
   title     = {Electron-electron scattering in conducting materials},
   journal   = {Advances in Physics},
   pages     = {257-372},
   year      = {1984},
   month     = {},
   volume    = {33},
   number    = {4}
}


@article{kim:82,
   author    = {J. Kim and P. Moin},
   title     = {Numerical investigation of turbulent channel flow},
   journal   = {Journal of Fluid Mechanics},
   pages     = {341},
   year      = {1982},
   volume    = {118}
}


@article{kim:87,
   author    = {J. Kim and P. Moin and Robert Moser},
   title     = {Turbulence statistics in fully developed channel flow at low Reynolds numbers},
   journal   = {Journal of Fluid Mech.},
   pages     = {133},
   year      = {1987},
   volume    = {177}
}


@Book{knuth2:81,
  author =       {Donald E. Knuth},
  title =        {The Art of Computer Programming, Seminumerical Algorithms},
  publisher =    {Addison-Wesley},
  year =         {1981},
  volume =       {2},
  series =       {Computer Science and Information Processing},
}


@article{kolmogorov:41,
   author    = {A. N. Kolmogorov},
   title     = {The local structure of turbulence in incompressible viscous fluid for very large Reynolds numbers},
   journal   = {Dokl. Akad. Nauk SSSR},
   pages     = {9-13},
   year      = {1941},
   volume    = {30},
   note      = {reprinted in: Proc. Royal Soc. London A \textbf{434} (1991)  9-13}
}   
                  
                  
@article{kolmogorov:41b,
   author    = {A. N. Kolmogorov},
   title     = {On degeneration (decay) of isotropic turbulence in an incompressible
       viscous fluid},
   journal   = {Dokl. Akad. Nauk SSSR},
   pages     = {538-540},
   year      = {1941},
   volume    = {31}
}


@article{kolmogorov:41c,
   author    = {A. N. Kolmogorov},
   title     = {Dissipation of energy in locally isotropic turbulence},
   journal   = {Dokl. Akad. Nauk SSSR},
   pages     = {16-18},
   year      = {1941},
   volume    = {32},
   note      = {reprinted in: Proc. Royal Soc. London A \textbf{434} (1991) 15-17}
}


@article{kolmogorov:62,
   author    = {A. N. Kolmogorov},
   title     = {A refinement of previous hypotheses concerning the local structure
       of turbulence in a viscous incompressible fluid at high Reynolds number},
   journal   = {J. Fluid Mech.},
   pages     = {82},
   year      = {1962},
   volume    = {13},
   note      = { }
}


@article{kometer:92,
   author    = {K. Kometer and G. Zandler and P. Vogl},
   title     = {Lattice-gas cellular-automaton method for
                  semiclassical transport in semiconductors},
   journal   = {Physical Review B},
   pages     = {1382-1394},
   year      = {1992},
   month     = {July},
   volume    = {46},
   number    = {3}
}


@article{kraichnan:62,
   author    = {R. H. Kraichnan and R. M. Lewis},
   journal   = {Commun. pure appl. Math.},
   pages     = {397},
   year      = {1962},
   volume    = {15}
}
                  
@article{kraichnan:64,
   author    = {R. H. Kraichnan},
   title     = {Decay of isotropic turbulence in the Direct Interaction Approximation},
   journal   = {Phys. of Fluids},
   pages     = {1030},
   year      = {1964},
   volume    = {7}
}


@article{kraichnan:66,
   author    = {R. H. Kraichnan},
   title     = {Isotropic turbulence and inertial-range structure},
   journal   = {Phys. of Fluids},
   pages     = {1728},
   year      = {1966},
   volume    = {9}
}


@article{kraichnan:74,
   author    = {R. H. Kraichnan},
   title     = {On Kolmogorovs inertial-range theories},
   journal   = {Journal of Fluid Mech.},
   pages     = {305},
   year      = {1974},
   volume    = {62/2}
}


@book{kundu,
   author    = {Pijush K.  Kundu},
   title     = {Fluid Mechanics},
   year      = {1990},
   publisher = {Academic Press, INC.}
}


@book{kunz,
   author    = {Heinz Schade and Ewald Kunz},
   title     = {Str{\"o}mungslehre},
   year      = {1980},
   publisher = {de Gruyter}
}


@book{landahl,
   author    = {M.T. Landahl and E. Mollo-Christensen},
   title     = {Turbulence and random processes in fluid mechanics},
   year      = {1986},
   publisher = {Cambridge University Press}
}


@book{landaulifschitz6,
   author    = {L.D. Landau and E.M. Lifschitz},
   title     = {Lehrbuch der Theoretischen Physik: Band VI, Hydrodynamik},
   year      = {1966},
   publisher = {Akademie Verlag},
   address   = {Berlin}
}	
                  
@book{landaulifschitz6eng,
   author    = {L.D. Landau and E.M. Lifschitz},
   title     = {Fluid Mechanics},
   year      = {1959},
   publisher = {Pergamon Press},
   address   = {London}
}	

@book{landaulifschitz7,
   author    = {L.D. Landau and E.M. Lifschitz},
   title     = {Lehrbuch der  Theoretischen Physik, Band VII, 
       Elastizit{\"a}tstheorie},
   year      = {1965},
   publisher = {Akademie Verlag Berlin}
}


@book{lesieur,
   author    = {Marcel Lesieur},
   title     = {Turbulence in Fluids -
       Stochastic and Numerical Modeling},
   year      = {1993},
   publisher = {Kluwer Academic Publishers},
   address   = {Netherlands},
   edition   = {2}
}


@book{letallec,
   author    = {{P. le} Tallec},
   title     = {Numerical Analysis of Viscoelastic Problems},
   year      = {1990},
   publisher = {Springer Verlag, Berlin, New--York}
}


@article{lugli:83,
   author    = {P. Lugli and D. K. Ferry},
   title     = {Effect of electron-electron scattering on Monte Carlo
		  studies of transport in submicron semiconductor devices},
   journal   = {Physica B},
   pages     = {251-253},
   year      = {1983},
   month     = {},
   volume    = {117 \& 118},
   number    = {}
}


@article{lugli:85,
   author    = {P. Lugli and D. K. Ferry},
   title     = {Electron-electron interaction and high field transport
		  in Si},
   journal   = {Applied Physical Letters},
   pages     = {594-596},
   year      = {1985},
   month     = {March},
   volume    = {46},
   number    = {6}
}


@Book{mackeown:97,
  author =       {P. Kevin MacKeown},
  title =        {Stochastic Simulation in Physics},
  publisher =    {Springer Verlag},
  year =         {1997},
}


@book{madelung,
   author    = {Otfried Madelung},
   title     = {Festkörpertheorie},
   year      = {1972},
   publisher = {Springer-Verlag},
   address   = {}
}


@article{martinez:94,
   author    = {D. O. Martinez and W. H. Matthaeus and S. Chen},
   title     = {Comparison of spectral method and lattice Boltzmann simulations of two-dimensional hydrodynamics},
   journal   = {Phys. Fluids},
   pages     = {1285-1299},
   year      = {1994},
   month     = {March},
   volume    = {6},
   number    = {3}
}


@book{mccomb,
   author    = {W. D. McComb},
   title     = {The Physics of Fluid Turbulence},
   year      = {1990},
   publisher = {Oxford University Press},
   address   = {New York}
}


@article{mcnamara:88,
   author    = {Guy R. McNamara and  Gianluigi Zanetti},
   title     = {Use of the Boltzmann Equation to simulate Lattice Gas Automata},
   journal   = {Physical Review Letters},
   pages     = {2332-2335},
   year      = {1988},
   volume    = {61},
   number    = {20}
}


@article{mcnamara:93,
   author    = {Guy R. McNamara and Berni Alder},
   title     = {Analysis of the lattice Boltzmann treatment of hydrodynamics},
   journal   = {Physica A},
   pages     = {218-228},
   year      = {1993},
   volume    = {194}
}


@book{moglestue,
   author    = {C. Moglestue},
   title     = {Monte Carlo Simulation of Semiconductor Devices},
   year      = {1993},
   publisher = {Chapman {\&} Hall}
}	 	  
		  
		  
@book{mohammadi,
   author    = {B. Mohammadi and O. Pironneau},
   title     = {Analysis of the K-Epsilon Turbulence Model},
   year      = {1994},
   publisher = {John Wiley and sons},
   address   = {Chichester}
}	 		  
		  
@Article{mohazzabi:98,
  author =       {Pirooz Mohazzabi},
  title =        {Monte-Carlo estimations of e},
  journal =      {Amer. J. of Physics},
  year =         {1998},
  volume =    {66},
  number =    {2},
  month =     {february},
  pages =     {138},
}
                  
@book{monin1,
   author    = {A. S. Monin and A. M. Yaglom},
   title     = {Statistical Fluid Mechanics: Mechanics of Turbulence},
   year      = {1979},
   month     = {May},
   publisher = {The Massachusetts Institute of Technology},
   address   = {Cambridge},
   volume    = {1}
}


@book{monin2,
   author    = {A. S. Monin and A. M. Yaglom},
   title     = {Statistical Fluid Mechanics: Mechanics of Turbulence},
   year      = {1981},
   publisher = {The Massachusetts Institute of Technology},
   address   = {Cambridge},
   volume    = {2}
}

@book{moninyaglom,
   author    = {A. S. Monin and A. M. Yaglom},
   title     = {Statistical  Fluid Mechanics: Mechanics of Turbulence},
   year      = {1979,81},
   publisher = {The Massachusetts Institute of Technology},
   address   = {Cambridge},
   volume    = {1,2}
}


@article{mosko:91,
   author    = {Martin Mosko and Antonia Moskova},
   title     = {Ensemble Monte Carlo Simulation of electron-electron scattering: Improvements of conventional methods},
   journal   = {The American Physical Society},
   pages     = {10794},
   year      = {1991},
   month     = {},
   volume    = {44},
   number    = {}
}


@article{navier:1823,
   author    = {C.L.M.H. Navier},
   title     = {Memoire sur les lois du mouvement des fluides},
   journal   = {Mem. Acad. Roy. Sci.},
   pages     = {389-440},
   year      = {1823},
   volume    = {6}
}


@incollection{neumann:49,
   author    = {Johann von Neumann},
   editor    = {A.H. Taub},
   title     = {Recent theories of turbulence},
   booktitle = {Collected Works (1949-1963)},
   chapter   = {6},
   pages     = {437-472},
   year      = {1963},
   publisher = {Pergamon Press},
   address   = {New York}
}


@Article{neumann:51,
   author    = {Johann von Neumann},
   title     = {Various techniques used in connection with random digits},
   journal   = {Applied Mathematics Series},
   pages     = {36-80},
   year      = {1951},
   volume    = {12}  
}


@article{obukhov:41,
   author    = {A.M. Obukhov},
   title     = {On the distribution of energy in the spectrum of turbulent flow},
   journal   = {Dokl. Akad. Nauk SSSR},
   pages     = {22-24},
   year      = {1941},
   volume    = {32 (1)}
}


@article{orszag:69,
   author    = {S.A. Orszag},
   title     = {Numerical methods for the simulation of turbulence},
   journal   = {Phys. of Fluids, Suppl. II},
   pages     = {250},
   year      = {1969},
   volume    = {12}
}


@article{orszag:71,
   author    = {S.A. Orszag},
   title     = {On the resolution requirements of finite difference schemes},
   journal   = {Studies in Appl. Math.},
   pages     = {395},
   year      = {1971},
   volume    = {50}
}
@article{orszag:71a,
   crossref  = {orszag:71b},
   author    = {S.A. Orszag},
   title     = {Numerical simulation of incompressible flows within simple boundaries:
       I Galerkin (Spectral) Representation},
   journal   = {Studies in Appl. Math.},
   pages     = {293},
   year      = {1971},
   volume    = {50}
}


@article{orszag:71b,
   author    = {S.A. Orszag},
   title     = {Numerical simulation of incompressible flows within simple boundaries:
       II Accuracy},
   journal   = {Journal of Fluid Mech.},
   pages     = {75},
   year      = {1971},
   volume    = {49}
}


@article{orszag:71c,
   author    = {S.A. Orszag and G.S. Patterson},
   title     = {Spectral calculations of isotropic turbulence:
       Efficient removal of aliasing interactions},
   journal   = {Phys. Fluids},
   pages     = {2538},
   year      = {1971},
   volume    = {14}
}	

                  
@article{orszag:71d,
   author    = {S.A. Orszag},
   title     = {Galerkin approximations to flows within slabs, spheres and cylinders},
   journal   = {Phys. Rev. Lett.},
   pages     = {1100},
   year      = {1971},
   volume    = {26},
   number    = {18}
}


@article{orszag:86,
   author    = {S.A. Orszag and V. Yakhot},
   journal   = {Phys. Rev. Lett.},
   pages     = {1691},
   year      = {1986},
   volume    = {56}
}


@article{orszag:93,
   author    = {S.A. Orszag and  R.H. Kraichnan and G. Doolen and Zhen-Su She and Shiyi Chen},
   title     = {Reynolds number dependence of isotropic Navier-Stokes turbulence},
   journal   = {Phys. Rev. Lett.},
   pages     = {3251},
   year      = {1993},
   volume    = {21}
}


@article{orszag:93a,
   crossref  = {orszag:93b},
   author    = {S.A. Orszag  and N.J. Zabusky and G.F. Karniadakis},
   title     = {High performance computing and physics},
   journal   = {Physics Today},
   pages     = {22},
   year      = {1993},
   month     = {march}
}


@article{orszag:93b,
   author    = {S.A. Orszag  and N.J. Zabusky and G.F. Karniadakis},
   title     = {Nodes, modes and flow codes},
   journal   = {Physics Today},
   pages     = {34},
   year      = {1993},
   month     = {march}
}


@article{orszag:94,
   author    = {S.A. Orszag and Chekhov and Snkoriansky and Galperin and Staroselsky},
   title     = {Direct numerical simulation tests of eddy viscosity in 2D},
   journal   = {Phys. Fluids},
   pages     = {2548},
   year      = {1994},
   volume    = {6}
}


@article{osman:87,
   author    = {M.A. Osman and D.K. Ferry},
   title     = {Electron-hole interaction at high-field transport of
		  photoexcited electrons in GaAs},
   journal   = {Journal Applied Physics},
   pages     = {5330},
   year      = {1987},
   month     = {June},
   volume    = {61},
   number    = {12}
}


@incollection{patterson:72,
   author    = {S.A. Orszag and G.S. Patterson},
   editor    = {J. Ehlers and K. Hepp and H.A. Weidenm{\"u}ller},
   title     = {Numerical simulation of turbulence},
   booktitle = {Statistical Models and Turbulence, Lecture Notes in Physics \textbf{12}},
   pages     = {127-147},
   year      = {1972},
   publisher = {Springer Verlag},
   address   = {Berlin}
}


@article{paul:95,
   author    = {S.S. Paul and A.K. Ghorai and D.P. Bhattacharya},
   title     = {Nonequilibrium carrier transport in III-V compounds at low lattice temperatures},
   journal   = {Physica B},
   pages     = {158-166},
   year      = {1995},
   volume    = {212}
}


@book{peyret,
   author    = {Roger Peyret and Thomas D. Taylor},
   title     = {Computational Methods for Fluid Flow},
   year      = {1982},
   publisher = {Springer Verlag},
   series    = {Springer Series in Computational Physics}
}


@article{pozela:80,
   author    = {J. Pozela and A. Reklaitis},
   title     = {Electron transport properties in GaAs at high electric fields},
   journal   = {Solid-State Electronics},
   pages     = {927-933},
   year      = {1980},
   volume    = {23}
}


@book{recipes,
   author    = {W.H. Press and S.A. Teukolsky and W.T. Vetterling and B.P. Flannery},
   title     = {Numerical Recipes in Fortran - The Art of Scientific Computing},
   year      = {1992},
   publisher = {Cambridge University Press},
   edition   = {2}
}


@article{reddy:93,
   author    = {S.C. Reddy and T.A. Driscoll and L.N. Trefethen and A.E. Trefethen},
   title     = {Hydrodynamic stability without eigenvalues},
   journal   = {Science},
   pages     = {578},
   year      = {1993},
   month     = {july},
   volume    = {261}
}
		  
		  
@article{reddy:93a,
   author    = {Satish C. Reddy and Dan S. Henningson},
   title     = {Energy growth in viscous channel flow},
   journal   = {Journal of Fluid Mech.},
   pages     = {209},
   year      = {1993},
   volume    = {252}
}


@Article{rees:68,
   author    = {H.D. Rees},
   title     = {Calculation of steady state distribution function by
                  exploiting stability},
   journal   = {Physical Letters},
   pages     = {416-417},
   year      = {1968},
   volume    = {26A}  
}


@Book{reif:67,
  author =       {Frederick Reif},
  title =        {Statistical physics},
  publisher =    {MacGraw-Hill},
  year =         {1967},
  OPTeditor =    {},
  number =    {5},
  series =    {Berkeley physics course},
  address =   {University of California, Berkely},
  OPTedition =   {},
  OPTmonth =     {},
}


@book{roemerhoner,
   author    = {J. Honerkamp and H. R{\"o}mer},
   title     = {Klassische Theoretische Physik},
   year      = {1989},
   publisher = {Springer Verlag},
   edition   = {2}
}


@article{roessler:84,
   author    = {U. R\"ossler},
   title     = {Nonparabolity and warping in zhe conduction band of GaAs},
   journal   = {Solid State Communications},
   pages     = {943-947},
   year      = {1984},
   month     = {},
   volume    = {49},
   number    = {10}
}


@article{rose:78,
   author    = {H.A. Rose and P.L. Sulem},
   title     = {Fully developed turbulence and statistical mechanics},
   journal   = {Le Journal de Physique},
   pages     = {441-484},
   year      = {1978},
   month     = {Mai},
   volume    = {39},
   number    = {5}
}


@article{rothman:94,
   author    = {Daniel H. Rothman and Stephane Zaleski},
   title     = {Lattice-gas models of Phase separation: interfaces, phase transitions, and multiphase flow},
   journal   = {Reviews of Modern  Physics},
   pages     = {1417-1479},
   year      = {1994},
   month     = {October},
   volume    = {66},
   number    = {4}
}


@Book{rubinstein:81,
  author =       {R.Y. Rubinstein},
  title =        {Simulation and the Monte Carlo Method},
  publisher =    {Wiley, New York},
  year =         {1981},
}
@article{ruch:68,
   author    = {J. G. Ruch and G. S. Kino},
   title     = {Transport properties of GaAs},
   journal   = {Phys. Rev.},
   pages     = {921-931},
   year      = {1968},
   volume    = {174}
}


@article{ruch:70,
   author    = {J. G. Ruch and W. Fawcett},
   title     = {Temperature Dependence of the Transport Properties of Gallium Arsenide Determined by a Monte Carlo Method},
   journal   = {Journal of Applied Physics},
   pages     = {3843-3849},
   year      = {1970},
   month     = {August},
   volume    = {41},
   number    = {9}
}	 
		  
		  
@article{ruelle:71,
   author    = {David Ruelle and Floris Takens},
   title     = {On the nature of turbulence},
   journal   = {Commun. Math. Phys.},
   pages     = {167},
   year      = {1971},
   volume    = {20}
}


@Book{ruhla:92,
  author =       {Charles Rhula},
  title =        {The Physics of Chance, from Blaise Pascal to Niels Bohr},
  publisher =    {Oxford University Press},
  year =         {1992},
  note =      {translated from french by G. Barton},
}


@article{sanada:91,
   author    = {T. Sanada and K. Ishii and K. Kuwahara},
   title     = {Statistics of energy dissipation clusters in 3D homogenous turbulence},
   journal   = {Progress of Theoretical Physics},
   pages     = {527},
   year      = {1991},
   volume    = {85}
}


@article{sano:95,
   author    = {Nobuyuki Sano and Akira Yoshii},
   title     = {Impact-ionisation model with the band structure of semiconductors},
   journal   = {J. Applied Physics},
   pages     = {2020-2025},
   year      = {1995},
   month     = {March},
   volume    = {77},
   number    = {5}
}


@Article{scariano:91,
  author =       {S.M. Scariano and A.R. Marlow},
  title =        {An alternate way of computing uncertainties},
  journal =      {American Journal of Physics},
  year =         {1991},
  volume =    {59},
  number =    {12},
  month =     {december},
  pages =     {1149},
}


@Book{schnakenberg,
  author =       {J{\"u}rgen Schnakenberg},
  title =        {Algorithmen in der Quantentheorie und Statistischen Physik},
  publisher =    {Zimmermann-Neufang, Ulmen},
  year =         {1995},
}


@book{schubert,
   author    = {Max Schubert and Gerhard Weber},
   title     = {Quantentheorie},
   year      = {1993},
   publisher = {Spektrum Akademischer Verlag GmbH},
   address   = {Heidelberg}
}	
                  
@book{schwarz,
   author    = {H.R. Schwarz},
   title     = {Numerische Mathematik},
   year      = {1988},
   publisher = {B.G. Teubner, Stuttgart}
}                            
                  
                  
	          
@book{schwarza,
   author    = {H.R. Schwarz},
   title     = {Methode der finiten Elemente},
   year      = {1984},
   publisher = {B.G. Teubner, Stuttgart}
}


@book{sgrossmann,
   author    = {Siegfried Gro{\ss}mann},
   title     = {Funktionalanalysis},
   year      = {1988},
   publisher = {Aula Verlag, Wiesbaden}
}


@article{sgrossmann:90,
   author    = {Siegfried Gro{\ss}mann},
   title     = {Turbulenz},
   journal   = {Physikalische Bl{\"a}tter},
   pages     = {2},
   year      = {1990},
   month     = {Januar},
   volume    = {46}
}


@article{sgrossmann:92,
   author    = {S. Grossmann and D. Lohse},
   journal   = {Zeitschrift f{\"u}r Physik B},
   pages     = {11},
   year      = {1992},
   volume    = {89}
}


@article{sgrossmann:93,
   author    = {Siegfried Gro{\ss}mann and Detlef Lohse},
   title     = {Characteristic scales in Rayleigh-Benard turbulence},
   journal   = {Phys. Lett. A},
   pages     = {58},
   year      = {1993},
   volume    = {173}
}


@article{sgrossmann:93a,
   author    = {S. Grossmann and D. Lohse},
   journal   = {Physica A},
   pages     = {519},
   year      = {1993},
   volume    = {194}
}


@article{sgrossmann:94,
   author    = {Siegfried Gro{\ss}mann and Detlef Lohse},
   title     = {Universality in fully developed turbulence},
   journal   = {Phys. Rev. E},
   pages     = {2784},
   year      = {1994},
   volume    = {50}
}


@article{sgrossmann:95,
   author    = {S. Grossmann},
   title     = {Asymptotic dissipation rate in turbulence},
   journal   = {Phys. Rev. E},
   pages     = {6275},
   year      = {1995},
   month     = {june},
   volume    = {51},
   number    = {6}
}


@article{she:93,
   author    = {Zhen-Su She and Eric Jackson},
   title     = {On the universal form of energy spectra in fully developed turbulence},
   journal   = {Phys. Fluids A},
   pages     = {1526},
   year      = {1993},
   volume    = {5}
}


@article{she:93a,
   author    = {Zhen-Su She and Eric Jackson},
   title     = {On the universal form of energy spectra in fully developed turbulence},
   journal   = {Phys. Fluids A},
   pages     = {1526},
   year      = {1993},
   month     = {July},
   volume    = {5},
   number    = {7}
}


@book{sobolev,
   author    = {S.L. Sobolev},
   title     = {Partial Differential Equations of Mathematical Physics},
   year      = {1964},
   publisher = {Dover Publishings, Inc., New York}
}


@article{sreenivasan:86,
   author    = {Katepalli R. Sreenivasan and R. Ramshankar},
   title     = {Transition intermittency in open flows and intermittency routes to chaos},
   journal   = {Physica D},
   pages     = {246},
   year      = {1986},
   volume    = {23}
}


@article{sreenivasan:95,
   author    = {Katepalli R. Sreenivasan},
   title     = {On the universality of the Kolmogorov constant},
   journal   = {Phys. Fluids},
   pages     = {2778},
   year      = {1995},
   volume    = {7}
}


@article{sterling:96,
   author    = {James D. Sterling and Shiyi Chen},
   title     = {Stability Analysis of Lattice Boltzmann Methods},
   journal   = {Journal of Computational Physics},
   pages     = {196-206},
   year      = {1992},
   volume    = {123}
}


@article{stolovitzky:94,
   author    = {G. Stolovitzky and K.R. Sreenivasan},
   title     = {Kologorovs refined similarity hypotheses for turbulence and general stochastic processes},
   journal   = {Review of Modern Physics},
   pages     = {229},
   year      = {1994},
   volume    = {66}
}


@article{stratton:62,
   author    = {R. Stratton},
   title     = {Diffusion of Hot and Cold Electrons in Semiconductor Barriers},
   journal   = {Physical Review},
   pages     = {2002-2014},
   year      = {1962},
   month     = {June},
   volume    = {126},
   number    = {6}
}


@article{strauch:90,
   author    = {D. Strauch and B. Dorner},
   title     = {Phonon dispersion in GaAs},
   journal   = {J. Phys.: Condensed Matter},
   pages     = {1457-1474},
   year      = {1990},
   volume    = {2},
   number    = {}
}


@article{sutherland:77,
   author    = {Jodeph E. Sutherland and John R. Hauser},
   title     = {A Computer Analysis of Heterojunction and Graded Composition Solar Cells},
   journal   = {IEEE Transactions on Electron Devices},
   pages     = {363-372},
   year      = {1977},
   month     = {April},
   volume    = {24},
   number    = {4}
}
                
@article{takenaka:79,
   author    = {Nobuyuki Takenaka and Masataka Inoue and Yoshio Inuishi},
   title     = {Influence of inter-carrier scattering on hot electron
		  distribution function in GaAs},
   journal   = {Journal of the Physical Society of Japan},
   pages     = {861-868},
   year      = {1979},
   month     = {September},
   volume    = {47},
   number    = {3}
}


@book{tritton,
   author    = {D.J. Tritton},
   title     = {Physical Fluid Dynamics},
   year      = {1977},
   publisher = {Van Nostrand Reinhold Company Ltd.},
   address   = {Molly Millars Lane, Wokingham, Berkshire, England}
}
		  
@article{wang:92,
   author    = {Jian-Qing Wang and Zong-Quan Gu and Ming-Fu Li and Wu-Yan Lai},
   title     = {Intervalley $\Gamma - X$ deformation potentials in III-5 zinc-blende semiconuctors by ab initio pseudopotential calculations},
   journal   = {Physical Review B},
   pages     = {12358-12364},
   year      = {1992},
   month     = {November},
   volume    = {46},
   number    = {19}
}


@mastersthesis{weber,
   author    = {Frithjof Weber},
   title     = {Die hydrostochastische Beschreibung der Turbulenz},
   year      = {1995},
   month     = {August},
   school    = {Albert-Ludwigs-Universit{\"a}t Freiburg}
}


@article{weber:96,
   author    = {H. P. Breuer and F. Petruccione and F. Weber},
   title     = {On a {Fourier} space master equation for {Navier-Stokes} turbulence},
   journal   = {Z. Phys. B},
   pages     = {461-468},
   year      = {1996},
   volume    = {100}
}


@book{whitham,
   author    = {G.B. Whitham},
   title     = {Linear and Nonlinear Waves},
   year      = {1974},
   publisher = {John Wiley {\& } Sons},
   series    = {Pure and applied Mathematics}
}


@Book{whitney:90,
  author =       {Charles A. Whitney},
  title =        {Random Processes in Physical Systems, An introduction to probability-based computer simulations},
  publisher =    {J. Wiley and Sons, Inc.},
  year =         {1990},
}


@article{wiley:70,
   author    = {J. D. Wiley and M. DiDomenico},
   title     = {Lattice mobility of holes in III-5 Compounds},
   journal   = {Physical Review B},
   pages     = {427-433},
   year      = {1970},
   month     = {July},
   volume    = {2},
   number    = {2}
}	  
		  
@article{wolfram:83,
   author    = {S. Wolfram},
   title     = {Statistical mechanics of cellular automata},
   journal   = {Rev. Mod. Phys.},
   pages     = {601-644},
   year      = {1983},
   volume    = {55}
}


@article{wu:90,
   author    = {Ernest Yue Wu},
   title     = {A Monte Carlo study of steady-state electrontransport in uncompensated and compensated $AL_{0.25} IN_{0.75} AS$},
   journal   = {J. Appl. Phys.},
   pages     = {6899},
   year      = {1990},
   month     = {June},
   volume    = {67},
   number    = {11}
}


@article{wu:91,
   author    = {Ernest Y. Wu},
   title     = {Intervalley-scattering effect on the double-peak velocity behavior of electrons in compensated GaAs},
   journal   = {Physical Review B},
   pages     = {3316-3319},
   year      = {1991},
   month     = {April},
   volume    = {44},
   number    = {7}
}


@article{wu:91a,
   author    = {Ernest Y. Wu and Bernard H. Yu},
   title     = {High-field electron transport in compensated GaAs},
   journal   = {Applied Physical Letters},
   pages     = {1503-1505},
   year      = {1991},
   month     = {April},
   volume    = {58},
   number    = {14}
}


@book{ziman,
   author    = {J. M. Ziman},
   title     = {Principles of the Theory of Solids},
   year      = {1992},
   publisher = {Cambridge University Press},
   address   = {}
}     
             	          
                  
@article{zocchi:96,
   author    = {G. Zocchi and P. Tabeling and F. Belin and J. Mauer and H. Willaime},
   title     = {Probability density functions, skewness and flatness in large
       Reynolds number turbulence},
   journal   = {Phys. Rev. E},
   pages     = {1613},
   year      = {1996},
   volume    = {53},
   number    = {2}
}


@article{zollner:90,
   author    = {Stefan Zollner and Sudha Gopalan and Manuel Cardona},
   title     = {Microscopic theory of intervalley scattering in GaAs: k dependence of deformation potentials and scattering rates},
   journal   = {J. Applied Physics},
   pages     = {1682-1693},
   year      = {1990},
   month     = {August},
   volume    = {68},
   number    = {4}
}

	                                      
